%http://en.wikipedia.org/wiki/BibTeX --How to is all there
@book{EcoCost,
author = {TUDelft},
title = {EcoCost Value},
publisher = {Delft University of Technology},
year = {2012},
note = {\url{http://www.ecocostsvalue.com/EVR/model/theory/5-data.html}},
}

@book{ecolizer,
author={Wille, D.},
title={Ecolizer 2.0},
publisher={OVAM},
year={2009}
}

@book{irwin2010basic,
  title={Basic Engineering Circuit Analysis},
  author={Irwin, J.D. and Nelms, R.M.},
  isbn={9780470633229},
  lccn={2011499661},
  series={Wiley Plus Products Series},
  url={http://books.google.nl/books?id=E4O662eBIu8C},
  year={2010},
  publisher={John Wiley \& Sons}
}

@book{peng,
  author = {Jinqing Peng and Lin Lu and Hongxing Yang},
  title = {Review on life cycle assessment of energy payback and greenhouse gas emission of solar photovoltaic systems},
  publisher = {Renewable Energy Research Group (RERG)},
  year = {2012}
}

@misc{fairphone-cost,
  title = {{Cost Breakdown of the First Fairphone} Kernel Description},
  howpublished = {\url{http://www.fairphone.com/wp-content/uploads/2013/09/Fairphone_Cost_Breakdown_and_Key_Sept2013.pdf}},
  note = {Accessed: 30-11-2014}
}