@book{EcoCost,
author = {TUDelft},
title = {EcoCost Value},
publisher = {Delft University of Technology},
year = {2012},
note = {\url{http://www.ecocostsvalue.com/EVR/model/theory/5-data.html}},
}

@book{ecolizer,
author={Wille, D.},
title={Ecolizer 2.0},
publisher={OVAM},
year={2009}
}

@book{Jordan,
	author={Jordan, P.W.},
	title={Designing Pleasurable Products: An Introduction to the New Human Factors},
	publisher={CRC Press},
	edition = {1},
	year={2000}
}

@book{irwin2010basic,
  title={Basic Engineering Circuit Analysis},
  author={Irwin, J.D. and Nelms, R.M.},
  isbn={9780470633229},
  lccn={2011499661},
  series={Wiley Plus Products Series},
  url={http://books.google.nl/books?id=E4O662eBIu8C},
  year={2010},
  publisher={John Wiley \& Sons}
}

@book{peng,
  author = {Jinqing Peng and Lin Lu and Hongxing Yang},
  title = {Review on life cycle assessment of energy payback and greenhouse gas emission of solar photovoltaic systems},
  publisher = {Renewable Energy Research Group (RERG)},
  year = {2012}
}
